<?xml version="1.0" encoding="UTF-8"?><collection xmlns="http://www.loc.gov/MARC21/slim"><record><leader>00575nam--2200193-u-4500</leader><controlfield tag="001">000050544</controlfield><controlfield tag="002">20161230</controlfield><controlfield tag="003">1290</controlfield><controlfield tag="005">20170102182848</controlfield><controlfield tag="008">070911s1000------------r-----000-0-eng-d</controlfield><datafield ind1=" " ind2=" " tag="040"><subfield code="a">IFIN-HH</subfield></datafield><datafield ind1=" " ind2=" " tag="041"><subfield code="a">rus</subfield></datafield><datafield ind1="1" ind2=" " tag="100"><subfield code="a">Nikolskogo, S. M</subfield><subfield code="e">red</subfield></datafield><datafield ind1="1" ind2="0" tag="245"><subfield code="a">Issledovaniya po Teorii Differentsiruemyh FunktsiiMnogih Peremennyh i ee Prilozhenyam. VIII</subfield></datafield><datafield ind1=" " ind2=" " tag="260"><subfield code="a">Moskva</subfield><subfield code="b">Izdatelstvo Nauka</subfield><subfield code="c">1980</subfield></datafield><datafield ind1=" " ind2=" " tag="300"><subfield code="a">263 p</subfield></datafield><datafield ind1=" " ind2=" " tag="490"><subfield code="a">Trudy Ordena Lenina Matematicheskogo Instituta Imeni V.A.Steklova</subfield><subfield code="v">Vol.CLVI</subfield></datafield><datafield ind1=" " ind2=" " tag="852"><subfield code="a">51</subfield></datafield><datafield ind1=" " ind2=" " tag="CAT"><subfield code="a">SYS</subfield><subfield code="c">20170102</subfield><subfield code="h">182848</subfield></datafield></record></collection>